@article{alpaca,
 author = {Maeng, Kiwan and Colin, Alexei and Lucia, Brandon},
 title = {Alpaca: Intermittent Execution Without Checkpoints},
 journal = {Proc. ACM Program. Lang.},
 issue_date = {October 2017},
 volume = {1},
 number = {OOPSLA},
 month = oct,
 year = {2017},
 issn = {2475-1421},
 pages = {96:1--96:30},
 articleno = {96},
 numpages = {30},
 url = {http://doi.acm.org/10.1145/3133920},
 doi = {10.1145/3133920},
 acmid = {3133920},
 publisher = {ACM},
 address = {New York, NY, USA},
 keywords = {energy-harvesting, intermittent computing},
} 

@inproceedings{chain,
 author = {Colin, Alexei and Lucia, Brandon},
 title = {Chain: Tasks and Channels for Reliable Intermittent Programs},
 booktitle = {Proceedings of the ACM International Conference on Object Oriented Programming Systems Languages and Applications (OOPSLA)},
 year = {2016},
} 

@inproceedings{dino,
 author = {Lucia, Brandon and Ransford, Benjamin},
 title = {A Simpler, Safer Programming and Execution Model for Intermittent Systems},
 booktitle = {Proceedings of the 36th ACM SIGPLAN Conference on Programming Language Design and Implementation},
 series = {PLDI 2015},
 year = {2015},
 isbn = {978-1-4503-3468-6},
 location = {Portland, OR, USA},
 pages = {575--585},
 numpages = {11},
 url = {http://doi.acm.org/10.1145/2737924.2737978},
 doi = {10.1145/2737924.2737978},
 acmid = {2737978},
 publisher = {ACM},
 address = {New York, NY, USA},
 keywords = {Intermittent Computing},
} 

@inproceedings{mementos,
	author    = {Benjamin Ransford and Jacob Sorber and Kevin Fu},
	title     = {Mementos: System Support for Long-Running Computation on
	             {RFID}-Scale Devices},
	booktitle = {ASPLOS},
	month     = Mar,
	year      = 2011,
	ee        = {\url{https://spqr.eecs.umich.edu/papers/ransford-mementos-asplos11.pdf}}
}

@inproceedings{ratchet,
	title={Intermittent computation without hardware support or programmer intervention},
	author={Van Der Woude, Joel and Hicks, Matthew},
	booktitle={Proceedings of OSDI'16: 12th USENIX Symposium on Operating Systems Design and Implementation},
	pages={17},
	year={2016}
}

@inproceedings{mayfly,
  title = {Timely Execution on Intermittently Powered Batteryless Sensors},
  author = {Hester, Josiah and Storer, Kevin and Sorber, Jacob},
  booktitle ={Proceedings of the 15th ACM Conference on Embedded Network Sensor
Systems },
  pages = {},
  year = {2017},
  organization = {ACM}
}


